@article{Borkowski1989,
       author = {{Borkowski}, K.~M.},
        title = "{Accurate algorithms to transform geocentric to geodetic coordinates}",
      journal = {Bulletin Geodesique},
         year = 1989,
        month = mar,
       volume = {63},
       number = {1},
        pages = {50-56},
          doi = {10.1007/BF02520228},
       adsurl = {https://ui.adsabs.harvard.edu/abs/1989BGeod..63...50B},
      adsnote = {Provided by the SAO/NASA Astrophysics Data System}
}

@article{Bowring1976,
  title={TRANSFORMATION FROM SPATIAL TO GEOGRAPHICAL COORDINATES},
  author={B. Bowring},
  journal={Survey Review},
  year={1976},
  volume={23},
  pages={323-327}
}

@book{Buchar2002,
author = {{Buchar, P.}},
title = {Matematická kartografie},
year = {2002},
publisher = {Vydavatelství ČVUT, Praha}
}

@book{Cajthaml2014,
author = {{Cajthaml, J.}},
title = {Kartografie 1. Soubor přednášek.},
year = {2014},
publisher = {ČVUT v Praze, katedra geomatiky}
}

@book{Cimbalnik1997,
author = {{Cimbalník M., Mervart L.}},
title = {Vyšší geodézie 1},
year = {1997},
publisher = {Ediční středisko ČVUT, Praha}
}

@inproceedings{Fok2003,
  title = {A Comparative Analysis of the Performance of Iterative and Non-iterative Solutions to the Cartesian to Geodetic Coordinate Transformation},
  author = {H. Fok and H. Iz},
  journal = {Journal of geospatial engineering},
  volume = {5},
  number = {2},
  pages = {61-74},
  year = {2003}
}

@article{Fukushima2006,
       author = {{Fukushima}, Toshio},
        title = "{Transformation from Cartesian to Geodetic Coordinates Accelerated by Halley's Method}",
      journal = {Journal of Geodesy},
     keywords = {Geodetic coordinate transformation, Halley\&rsquo, s method, Latitude equation},
         year = 2006,
        month = mar,
       volume = {79},
       number = {12},
        pages = {689-693},
          doi = {10.1007/s00190-006-0023-2},
       adsurl = {https://ui.adsabs.harvard.edu/abs/2006JGeod..79..689F},
      adsnote = {Provided by the SAO/NASA Astrophysics Data System}
}

@book{Grewal2001,
author = {Grewal, Mohinder S. and Andrews, Angus P. and Bartone, Chris G.},
title = {Global Navigation Satellite Systems, Inertial Navigation, and Integration},
year = {2001},
publisher = {Wiley-Interscience}
}

@book{Kovar2016,
  title={Družicová navigace. Od teorie k aplikacím v softwarovém přijímači.},
  author={Kovář, P.},
  isbn={9788001059890},
  year={2016},
  publisher={České vysoké učení technické v Praze. Česká technika - nakladatelství ČVUT}
}

@book{Kubacek2013,
author = {Kubaček, L.},
title = {Statistical Theory of Geodetic Network},
year = {2013},
publisher = {VÚGTK, Zdiby}
}


@article{Mayer2002,
author = {Meyer, Thomas},
year = {2002},
month = {01},
pages = {179-202},
title = {Grid, ground, and globe: Distances in the GPS era},
volume = {62},
journal = {Surveying and Land Information Systems}
}

@book{Mikhail1976,
  title={Observations and Least Squares},
  author={Mikhail, E.M. and Ackermann, F.E.},
  isbn={0700224815},
  year={1976},
  publisher={IEP-A Dun-Donnelley Publisher, New York}
}

@article{Soler1988,
author = {Soler, Tomas and Hothem, Larry},
year = {1988},
month = {05},
pages = {84-97},
title = {Coordinate Systems Used in Geodesy: Basic Definitions and Concepts},
volume = {114},
journal = {Journal of Surveying Engineering-asce - J SURV ENG-ASCE},
doi = {10.1061/(ASCE)0733-9453(1988)114:2(84)}
}

@article{Soler1998,
author = {Soler, T.},
title = {A compendium of transformation formulas useful in GPS work},
year = {1998},
journal = {Journal of Geodesy},
volume = {72},
pages = {482-490}
}

@report{Snyder1987,
author = {{Snyder, J., P.}},
title = {Map projections: A working manual},
year = {1987},
publisher = {U.S. Government Printing Office. Washington, D.C.}
}

@report{Thomas1977,
author = {Thomas D. B., Mephan, M. P. and Steeves, R. R.},
title = {The stereographic double projection},
year = {1977},
publisher = {Technical report no. 46. Fredericton: University of New Brunswick, Department of Geodesy and Geomatics Engineering}
}

@ARTICLE{Vermeille2011,
       author = {{Vermeille}, Hugues},
        title = "{An analytical method to transform geocentric into geodetic coordinates}",
      journal = {Journal of Geodesy},
     keywords = {Analytical coordinates transformation, Coordinates transformation, Geocentric coordinates, Geodetic coordinates},
         year = 2011,
        month = feb,
       volume = {85},
       number = {2},
        pages = {105-117},
          doi = {10.1007/s00190-010-0419-x},
       adsurl = {https://ui.adsabs.harvard.edu/abs/2011JGeod..85..105V},
      adsnote = {Provided by the SAO/NASA Astrophysics Data System}
}

@misc{ecefWiki,
  author = {{ECEF:Wiki}},
  title = "Ecef coordinates in relation to latitude and longitude --- {W}ikipedia{,} The Free Encyclopedia",
  url = "By Krishnavedala - Own work, CC BY-SA 3.0, https://commons.wikimedia.org/w/index.php?curid=37182608"
}

@misc{enuWiki,
  author = {{ENU:Wiki}},
  title = "The east north up (ENU) local tangent plane is similar to NED, except for swapping 'down' for 'up' and x for y. --- {W}ikipedia{,} The Free Encyclopedia",
  url = "By Mike1024 - Based on en:File:EarthTangentialPlane.png by en:User:Raffyl99 (public domain), Public Domain, https://commons.wikimedia.org/w/index.php?curid=9510652"
}

@misc{webVUGTK,
  author = {{Meridiánová konvergence}},
  title = "Definice meridiánovej konvergence. Terminologický slovník zeměměřictví a katastru nemovitostí",
  url = "https://www.vugtk.cz/slovnik/6402_meridiankonvergenz-e"
}

@misc{sphereWolf,
  author = {{Weisstein, E., W.}},
  title = "Spherical Coordinates. From MathWorld--A Wolfram Web Resource",
  url = "https://mathworld.wolfram.com/SphericalCoordinates.html"
}

@misc{stereoWolf,
  author = {{Weisstein, Eric W.}},
  title = "Stereographic Projection. From MathWorld. A Wolfram Web Resource",
  url = "https://mathworld.wolfram.com/StereographicProjection.html"
}