@book{Grewal2001,
author = {Grewal, Mohinder S. and Andrews, Angus P. and Bartone, Chris G.},
title = {Global Navigation Satellite Systems, Inertial Navigation, and Integration},
year = {2001},
publisher = {Wiley-Interscience}
}

  